@article{rossi2003comparison,
  title={A comparison of the performance of different metaheuristics on the timetabling problem},
  author={Rossi-Doria, Olivia and Sampels, Michael and Birattari, Mauro and Chiarandini, Marco and Dorigo, Marco and Gambardella, Luca M and Knowles, Joshua and Manfrin, Max and Mastrolilli, Monaldo and Paechter, Ben and others},
  journal={Practice and Theory of Automated Timetabling IV},
  pages={329--351},
  year={2003},
  publisher={Springer Berlin Heidelberg}
}

@article{manfrin2006parallel,
  title={Parallel ant colony optimization for the traveling salesman problem},
  author={Manfrin, Max and Birattari, Mauro and St{\"u}tzle, Thomas and Dorigo, Marco},
  journal={Ant Colony Optimization and Swarm Intelligence},
  pages={224--234},
  year={2006},
  publisher={Springer Berlin Heidelberg}
}

@article{dorigo2010ant,
  title={Ant colony optimization: overview and recent advances},
  author={Dorigo, Marco and St{\"u}tzle, Thomas},
  journal={Handbook of metaheuristics},
  pages={227--263},
  year={2010},
  publisher={Springer US}
}

@article{stutzle1999aco,
  title={ACO algorithms for the traveling salesman problem},
  author={St{\"u}tzle, Thomas and Dorigo, Marco},
  journal={Evolutionary Algorithms in Engineering and Computer Science},
  pages={163--183},
  year={1999},
  publisher={Wiley, New York}
}

@article{dorigo2006ant,
  title={Ant colony optimization},
  author={Dorigo, Marco and Birattari, Mauro and Stutzle, Thomas},
  journal={Computational Intelligence Magazine, IEEE},
  volume={1},
  number={4},
  pages={28--39},
  year={2006},
  publisher={IEEE}
}

@article{dorigo1991ant,
  title={The ant system: An autocatalytic optimizing process},
  author={Dorigo, Marco and Maniezzo, Vittorio and Colorni, Alberto},
	journal={-},
  year={1991},
  publisher={Technical report}
}

@book{dorigo2004ant,
  title={{Ant colony optimization}},
  author={Dorigo, M. and Stutzle, T.},
  year={2004},
  publisher={MIT Press}
}

@article{gambardella2000ant,
  title={An ant colony system hybridized with a new local search for the sequential ordering problem},
  author={Gambardella, Luca Maria and Dorigo, Marco},
  journal={INFORMS Journal on Computing},
  volume={12},
  number={3},
  pages={237--255},
  year={2000},
  publisher={INFORMS}
}

@book{toth2001vehicle,
  title={The vehicle routing problem},
  author={Toth, Paolo and Vigo, Daniele},
  year={2001},
  publisher={Siam}
}

@article{dorigo1997ant,
  title={Ant colonies for the travelling salesman problem},
  author={Dorigo, Marco and Gambardella, Luca Maria},
  journal={BioSystems},
  volume={43},
  number={2},
  pages={73--81},
  year={1997},
  publisher={Elsevier}
}

@article{dorigo1997acs,
  title={Ant colony system: a cooperative learning approach to the traveling salesman problem},
  author={Dorigo, Marco and Gambardella, Luca Maria},
  journal={Evolutionary Computation, IEEE Transactions on},
  volume={1},
  number={1},
  pages={53--66},
  year={1997},
  publisher={IEEE}
}

@incollection{bullnheimer1999applying,
  title={Applying the ant system to the vehicle routing problem},
  author={Bullnheimer, Bernd and Hartl, Richard F and Strauss, Christine},
  booktitle={Meta-Heuristics},
  pages={285--296},
  year={1999},
  publisher={Springer}
}
@inproceedings{gambardella1999macs,
  title={Macs-vrptw: A multiple colony system for vehicle routing problems with time windows},
  author={Gambardella, Luca Maria and Taillard, {\'E}ric and Agazzi, Giovanni},
  booktitle={New ideas in optimization},
  year={1999},
  organization={Citeseer}
}
@article{stutzle2000max,
  title={MAX--MIN ant system},
  author={St{\"u}tzle, Thomas and Hoos, Holger H},
  journal={Future generation computer systems},
  volume={16},
  number={8},
  pages={889--914},
  year={2000},
  publisher={Elsevier}
}
@incollection{blum2002aco,
  title={ACO applied to group shop scheduling: A case study on intensification and diversification},
  author={Blum, Christian},
  booktitle={Ant algorithms},
  pages={14--27},
  year={2002},
  publisher={Springer}
}
@article{blum2005new,
  title={New metaheuristic approaches for the edge-weighted k-cardinality tree problem},
  author={Blum, Christian and Blesa, Maria J},
  journal={Computers \& Operations Research},
  volume={32},
  number={6},
  pages={1355--1377},
  year={2005},
  publisher={Elsevier}
}

@MISC{Michel1999aco,
    author = {Rene Michel and Martin Middendorf},
    title = {An ACO Algorithm for the Shortest Common Supersequence Problem},
    year = {1999}
}
@inproceedings{varela1999ant,
  title={Ant colony optimisation for virtual-wavelength-path routing and wavelength allocation},
  author={Varela, G Navarro and Sinclair, Mark C},
  booktitle={Evolutionary Computation, 1999. CEC 99. Proceedings of the 1999 Congress on},
  volume={3},
  year={1999},
  organization={IEEE}
}

@article{tsplib,
  title={TSPLIB - A traveling salesman problem library},
  author={Reinelt, Gerhard},
  journal={ORSA journal on computing},
  volume={3},
  number={4},
  pages={376--384},
  year={1991},
  publisher={INFORMS}
}

@misc{solomon,
	author = {Marius M. Solomon},
	title={Benchmark Problems and Solutions},
	howpublished= "\url{http://w.cba.neu.edu/~msolomon/problems.htm}",
	year = {2005},
	note = "[Online; accessed 01-february-2014]"
	}
	
	@inproceedings{hlaing2011ant,
  title={An Ant Colony Optimization Algorithm for Solving Traveling Salesman Problem},
  author={Hlaing, Zar Chi Su Su and Khine, May Aye},
  booktitle={International Conference on Information Communication and Management, Singapore, IPCSIT},
  volume={16},
  year={2011}
}

@article{bell2004ant,
  title={Ant colony optimization techniques for the vehicle routing problem},
  author={Bell, John E and McMullen, Patrick R},
  journal={Advanced Engineering Informatics},
  volume={18},
  number={1},
  pages={41--48},
  year={2004},
  publisher={Elsevier}
}

@article{yu2009improved,
  title={An improved ant colony optimization for vehicle routing problem},
  author={Yu, Bin and Yang, Zhong-Zhen and Yao, Baozhen},
  journal={European journal of operational research},
  volume={196},
  number={1},
  pages={171--176},
  year={2009},
  publisher={Elsevier}
}

@article{tan2012ant,
  title={Ant Colony Optimization for Capacitated Vehicle Routing Problem.},
  author={Tan, Wen Fang and Lee, Lai Soon and Majid, ZA and Seow, Hsin Vonn},
  journal={Journal of Computer Science},
  volume={8},
  number={6},
  year={2012}
}

@book{massen2013vrp,
  title={Optimization Approaches for Vehicle Routing Problems with Black Box Feasibility},
  author={Florence Massen},
  year={2013},
  publisher={Universite Catholique de Louvain}
}

@article{dorigo1999ant,
  title={Ant algorithms for discrete optimization},
  author={Dorigo, Marco and Di Caro, Gianni and Gambardella, Luca M},
  journal={Artificial life},
  volume={5},
  number={2},
  pages={137--172},
  year={1999},
  publisher={MIT Press}
}

@article{corne1999ant,
  title={The ant colony optimization meta-heuristic},
  author={Corne, D and Dorigo, M and Glover, F},
  journal={New Ideas in Optimization. McGraw Hill, New York},
  year={1999}
}